%%% ====================================================================
%%%  BibTeX-file{
%%%     author          = "Gerry Murray",
%%%     version         = "1.2",
%%%     date            = "2 April 2012",
%%%     filename        = "acmsmall-sample-bibfile.bib",
%%%     address         = "ACM, NY",
%%%     email           = "murray at hq.acm.org",
%%%     codetable       = "ISO/ASCII",
%%%     keywords        = "ACM Reference Format, bibliography, citation, references",
%%%     supported       = "yes",
%%%     docstring       = "This BibTeX database file contains 'bibdata' entries
%%%                        that 'match' the examples provided in the Specifications Document
%%%                        AND, also, 'legacy'-type bibs. It should assist authors in
%%%                        choosing the 'correct' at-bibtype and necessary bib-fields
%%%                        so as to obtain the appropriate ACM Reference Format output.
%%%                        It also contains many 'Standard Abbreviations'. "
%%%  }
%%% ====================================================================

% Journals

% First the Full Name is given, then the abbreviation used in the AMS Math
% Reviews, with an indication if it could not be found there.
% Note the 2nd overwrites the 1st, so swap them if you want the full name.

 %{AMS}
 @String{AMSTrans = "American Mathematical Society Translations" }
 @String{AMSTrans = "Amer. Math. Soc. Transl." }
 @String{BullAMS = "Bulletin of the American Mathematical Society" }
 @String{BullAMS = "Bull. Amer. Math. Soc." }
 @String{ProcAMS = "Proceedings of the American Mathematical Society" }
 @String{ProcAMS = "Proc. Amer. Math. Soc." }
 @String{TransAMS = "Transactions of the American Mathematical Society" }
 @String{TransAMS = "Trans. Amer. Math. Soc." }

 %ACM
 @String{CACM = "Communications of the {ACM}" }
 @String{CACM = "Commun. {ACM}" }
 @String{CompServ = "Comput. Surveys" }
 @String{JACM = "J. ACM" }
 @String{ACMMathSoft = "{ACM} Transactions on Mathematical Software" }
 @String{ACMMathSoft = "{ACM} Trans. Math. Software" }
 @String{SIGNUM = "{ACM} {SIGNUM} Newsletter" }
 @String{SIGNUM = "{ACM} {SIGNUM} Newslett." }

 @String{AmerSocio = "American Journal of Sociology" }
 @String{AmerStatAssoc = "Journal of the American Statistical Association" }
 @String{AmerStatAssoc = "J. Amer. Statist. Assoc." }
 @String{ApplMathComp = "Applied Mathematics and Computation" }
 @String{ApplMathComp = "Appl. Math. Comput." }
 @String{AmerMathMonthly = "American Mathematical Monthly" }
 @String{AmerMathMonthly = "Amer. Math. Monthly" }
 @String{BIT = "{BIT}" }
 @String{BritStatPsych = "British Journal of Mathematical and Statistical
          Psychology" }
 @String{BritStatPsych = "Brit. J. Math. Statist. Psych." }
 @String{CanMathBull = "Canadian Mathematical Bulletin" }
 @String{CanMathBull = "Canad. Math. Bull." }
 @String{CompApplMath = "Journal of Computational and Applied Mathematics" }
 @String{CompApplMath = "J. Comput. Appl. Math." }
 @String{CompPhys = "Journal of Computational Physics" }
 @String{CompPhys = "J. Comput. Phys." }
 @String{CompStruct = "Computers and Structures" }
 @String{CompStruct = "Comput. \& Structures" }
 @String{CompJour = "The Computer Journal" }
 @String{CompJour = "Comput. J." }
 @String{CompSysSci = "Journal of Computer and System Sciences" }
 @String{CompSysSci = "J. Comput. System Sci." }
 @String{Computing = "Computing" }
 @String{ContempMath = "Contemporary Mathematics" }
 @String{ContempMath = "Contemp. Math." }
 @String{Crelle = "Crelle's Journal" }
 @String{GiornaleMath = "Giornale di Mathematiche" }
 @String{GiornaleMath = "Giorn. Mat." } % didn't find in AMS MR., ibid.

 %IEEE
 @String{Computer = "{IEEE} Computer" }
 @String{IEEETransComp = "{IEEE} Transactions on Computers" }
 @String{IEEETransComp = "{IEEE} Trans. Comput." }
 @String{IEEETransAC = "{IEEE} Transactions on Automatic Control" }
 @String{IEEETransAC = "{IEEE} Trans. Automat. Control" }
 @String{IEEESpec = "{IEEE} Spectrum" } % didn't find in AMS MR
 @String{ProcIEEE = "Proceedings of the {IEEE}" }
 @String{ProcIEEE = "Proc. {IEEE}" } % didn't find in AMS MR
 @String{IEEETransAeroElec = "{IEEE} Transactions on Aerospace and Electronic
     Systems" }
 @String{IEEETransAeroElec = "{IEEE} Trans. Aerospace Electron. Systems" }

 @String{IMANumerAna = "{IMA} Journal of Numerical Analysis" }
 @String{IMANumerAna = "{IMA} J. Numer. Anal." }
 @String{InfProcLet = "Information Processing Letters" }
 @String{InfProcLet = "Inform. Process. Lett." }
 @String{InstMathApp = "Journal of the Institute of Mathematics and
     its Applications" }
 @String{InstMathApp = "J. Inst. Math. Appl." }
 @String{IntControl = "International Journal of Control" }
 @String{IntControl = "Internat. J. Control" }
 @String{IntNumerEng = "International Journal for Numerical Methods in
     Engineering" }
 @String{IntNumerEng = "Internat. J. Numer. Methods Engrg." }
 @String{IntSuper = "International Journal of Supercomputing Applications" }
 @String{IntSuper = "Internat. J. Supercomputing Applic." } % didn't find
%% in AMS MR
 @String{Kibernetika = "Kibernetika" }
 @String{JResNatBurStand = "Journal of Research of the National Bureau
     of Standards" }
 @String{JResNatBurStand = "J. Res. Nat. Bur. Standards" }
 @String{LinAlgApp = "Linear Algebra and its Applications" }
 @String{LinAlgApp = "Linear Algebra Appl." }
 @String{MathAnaAppl = "Journal of Mathematical Analysis and Applications" }
 @String{MathAnaAppl = "J. Math. Anal. Appl." }
 @String{MathAnnalen = "Mathematische Annalen" }
 @String{MathAnnalen = "Math. Ann." }
 @String{MathPhys = "Journal of Mathematical Physics" }
 @String{MathPhys = "J. Math. Phys." }
 @String{MathComp = "Mathematics of Computation" }
 @String{MathComp = "Math. Comp." }
 @String{MathScand = "Mathematica Scandinavica" }
 @String{MathScand = "Math. Scand." }
 @String{TablesAidsComp = "Mathematical Tables and Other Aids to Computation" }
 @String{TablesAidsComp = "Math. Tables Aids Comput." }
 @String{NumerMath = "Numerische Mathematik" }
 @String{NumerMath = "Numer. Math." }
 @String{PacificMath = "Pacific Journal of Mathematics" }
 @String{PacificMath = "Pacific J. Math." }
 @String{ParDistComp = "Journal of Parallel and Distributed Computing" }
 @String{ParDistComp = "J. Parallel and Distrib. Comput." } % didn't find
%% in AMS MR
 @String{ParComputing = "Parallel Computing" }
 @String{ParComputing = "Parallel Comput." }
 @String{PhilMag = "Philosophical Magazine" }
 @String{PhilMag = "Philos. Mag." }
 @String{ProcNAS = "Proceedings of the National Academy of Sciences
                    of the USA" }
 @String{ProcNAS = "Proc. Nat. Acad. Sci. U. S. A." }
 @String{Psychometrika = "Psychometrika" }
 @String{QuartMath = "Quarterly Journal of Mathematics, Oxford, Series (2)" }
 @String{QuartMath = "Quart. J. Math. Oxford Ser. (2)" }
 @String{QuartApplMath = "Quarterly of Applied Mathematics" }
 @String{QuartApplMath = "Quart. Appl. Math." }
 @String{RevueInstStat = "Review of the International Statisical Institute" }
 @String{RevueInstStat = "Rev. Inst. Internat. Statist." }

 %SIAM
 @String{JSIAM = "Journal of the Society for Industrial and Applied
     Mathematics" }
 @String{JSIAM = "J. Soc. Indust. Appl. Math." }
 @String{JSIAMB = "Journal of the Society for Industrial and Applied
     Mathematics, Series B, Numerical Analysis" }
 @String{JSIAMB = "J. Soc. Indust. Appl. Math. Ser. B Numer. Anal." }
 @String{SIAMAlgMeth = "{SIAM} Journal on Algebraic and Discrete Methods" }
 @String{SIAMAlgMeth = "{SIAM} J. Algebraic Discrete Methods" }
 @String{SIAMAppMath = "{SIAM} Journal on Applied Mathematics" }
 @String{SIAMAppMath = "{SIAM} J. Appl. Math." }
 @String{SIAMComp = "{SIAM} Journal on Computing" }
 @String{SIAMComp = "{SIAM} J. Comput." }
 @String{SIAMMatrix = "{SIAM} Journal on Matrix Analysis and Applications" }
 @String{SIAMMatrix = "{SIAM} J. Matrix Anal. Appl." }
 @String{SIAMNumAnal = "{SIAM} Journal on Numerical Analysis" }
 @String{SIAMNumAnal = "{SIAM} J. Numer. Anal." }
 @String{SIAMReview = "{SIAM} Review" }
 @String{SIAMReview = "{SIAM} Rev." }
 @String{SIAMSciStat = "{SIAM} Journal on Scientific and Statistical
     Computing" }
 @String{SIAMSciStat = "{SIAM} J. Sci. Statist. Comput." }

 @String{SoftPracExp = "Software Practice and Experience" }
 @String{SoftPracExp = "Software Prac. Experience" } % didn't find in AMS MR
 @String{StatScience = "Statistical Science" }
 @String{StatScience = "Statist. Sci." }
 @String{Techno = "Technometrics" }
 @String{USSRCompMathPhys = "{USSR} Computational Mathematics and Mathematical
     Physics" }
 @String{USSRCompMathPhys = "{U. S. S. R.} Comput. Math. and Math. Phys." }
 @String{VLSICompSys = "Journal of {VLSI} and Computer Systems" }
 @String{VLSICompSys = "J. {VLSI} Comput. Syst." }
 @String{ZAngewMathMech = "Zeitschrift fur Angewandte Mathematik und
     Mechanik" }
 @String{ZAngewMathMech = "Z. Angew. Math. Mech." }
 @String{ZAngewMathPhys = "Zeitschrift fur Angewandte Mathematik und Physik" }
 @String{ZAngewMathPhys = "Z. Angew. Math. Phys." }

% Publishers % ================================================= |

 @String{Academic = "Academic Press" }
 @String{ACMPress = "{ACM} Press" }
 @String{AdamHilger = "Adam Hilger" }
 @String{AddisonWesley = "Addison-Wesley" }
 @String{AllynBacon = "Allyn and Bacon" }
 @String{AMS = "American Mathematical Society" }
 @String{Birkhauser = "Birkha{\"u}ser" }
 @String{CambridgePress = "Cambridge University Press" }
 @String{Chelsea = "Chelsea" }
 @String{ClaredonPress = "Claredon Press" }
 @String{DoverPub = "Dover Publications" }
 @String{Eyolles = "Eyolles" }
 @String{HoltRinehartWinston = "Holt, Rinehart and Winston" }
 @String{Interscience = "Interscience" }
 @String{JohnsHopkinsPress = "The Johns Hopkins University Press" }
 @String{JohnWileySons = "John Wiley and Sons" }
 @String{Macmillan = "Macmillan" }
 @String{MathWorks = "The Math Works Inc." }
 @String{McGrawHill = "McGraw-Hill" }
 @String{NatBurStd = "National Bureau of Standards" }
 @String{NorthHolland = "North-Holland" }
 @String{OxfordPress = "Oxford University Press" }  %address Oxford or London?
 @String{PergamonPress = "Pergamon Press" }
 @String{PlenumPress = "Plenum Press" }
 @String{PrenticeHall = "Prentice-Hall" }
 @String{SIAMPub = "{SIAM} Publications" }
 @String{Springer = "Springer-Verlag" }
 @String{TexasPress = "University of Texas Press" }
 @String{VanNostrand = "Van Nostrand" }
 @String{WHFreeman = "W. H. Freeman and Co." }

%Entries


@online{sgx,
	author =	   "Intel® Corporation",
	title =        "Intel® Software Guard Extensions (Intel® SGX)",
	url =          "https://software.intel.com/en-us/sgx",
	lastaccessed = "April 12, 2018",
}

@online{skylake,
	author =	   "Intel® Corporation",
	year =         "2017",
	title =        "6th Generation Intel® Processor Family",
	url =          "https://www.intel.com/content/www/us/en/processors/core/desktop-6th-gen-core-family-spec-update.html",
	month =        nov,
	lastaccessed = "April 12, 2018",
}

@online{sgxapi,
	author =	   "Intel® Corporation",
	title =        "Intel® Software Guard Extensions (Intel® SGX) SDK",
	url =          "https://software.intel.com/en-us/sgx-
	sdk",
	lastaccessed = "April 12, 2018",
}

@Inproceedings{leakycauldron,
	author = {Wang, Wenhao and Chen, Guoxing and Pan, Xiaorui and Zhang, Yinqian and Wang, Xiaofeng and Bindschaedler, Vincent and Tang, Haixu and A. Gunter, Carl},
	year = {2017},
	month = {10},
	pages = {2421-2434},
	title = {Leaky Cauldron on the Dark Land: Understanding Memory Side-Channel Hazards in SGX}
}


@online{ecallocall,
	author =	   "Intel® Corporation",
	title =        "ECALL/OCALL Functions",
	url =          "https://software.intel.com/en-us/node/709001",
	lastaccessed = "April 12, 2018",
}

@online{tsx,
	 title={Intel® Transactional Synchronization Extensions (Intel® TSX) Overview},
	 url={https://software.intel.com/en-us/node/524022},
	 author ="Intel® Corporation",
	 lastaccessed = "April 12, 2018",
	 year={2017},
	 month={Oct}
}

@online{haswell,
	title={4th Generation Intel® Core™ Processor},
	url={https://software.intel.com/en-us/node/524022},
	author ="Intel® Corporation",
	lastaccessed = "April 12, 2018",
} 

@inproceedings{tsgx,
	title={T-SGX: Eradicating controlled-channel attacks against enclave programs},
	author={Shih, Ming-Wei and Lee, Sangho and Kim, Taesoo and Peinado, Marcus},
	booktitle={Proceedings of the 2017 Annual Network and Distributed System Security Symposium (NDSS), San Diego, CA},
	year={2017}
}

@inproceedings{cloak,
	title={Strong and efficient cache side-channel protection using hardware transactional memory},
	author={Gruss, Daniel and Lettner, Julian and Schuster, Felix and Ohrimenko, Olya and Haller, Istvan and Costa, Manuel},
	booktitle={USENIX Security Symposium},
	year={2017}
}

@online{rtm,
	title={Restricted Transactional Memory Overview},
	url={https://software.intel.com/en-us/node/524022},
	author ="Intel® Corporation",
	lastaccessed = "April 12, 2018",
} 

@inproceedings{flushreload,
	title={FLUSH+ RELOAD: A High Resolution, Low Noise, L3 Cache Side-Channel Attack.},
	author={Yarom, Yuval and Falkner, Katrina},
	booktitle={USENIX Security Symposium},
	pages={719--732},
	year={2014}
}

@inproceedings{stealthy,
	title={Telling your secrets without page faults: Stealthy page table-based attacks on enclaved execution},
	author={Van Bulck, Jo and Weichbrodt, Nico and Kapitza, R{\"u}diger and Piessens, Frank and Strackx, Raoul},
	booktitle={Proceedings of the 26th USENIX Security Symposium},
	year={2017},
	organization={USENIX Association}
}

@inproceedings{primeprobe1,
	title={Cache attacks and countermeasures: the case of AES},
	author={Osvik, Dag Arne and Shamir, Adi and Tromer, Eran},
	booktitle={Cryptographers’ Track at the RSA Conference},
	pages={1--20},
	year={2006},
	organization={Springer}
}

@article{primeprobe2,
	title={Efficient cache attacks on AES, and countermeasures},
	author={Tromer, Eran and Osvik, Dag Arne and Shamir, Adi},
	journal={Journal of Cryptology},
	volume={23},
	number={1},
	pages={37--71},
	year={2010},
	publisher={Springer}
}

@inproceedings{drama,
	title={DRAMA: Exploiting DRAM Addressing for Cross-CPU Attacks.},
	author={Pessl, Peter and Gruss, Daniel and Maurice, Cl{\'e}mentine and Schwarz, Michael and Mangard, Stefan},
	booktitle={USENIX Security Symposium},
	pages={565--581},
	year={2016}
}

@inproceedings{flushflush,
	title={Flush+ Flush: a fast and stealthy cache attack},
	author={Gruss, Daniel and Maurice, Cl{\'e}mentine and Wagner, Klaus and Mangard, Stefan},
	booktitle={International Conference on Detection of Intrusions and Malware, and Vulnerability Assessment},
	pages={279--299},
	year={2016},
	organization={Springer}
}

@inproceedings{younis2014cache,
	title={Cache side-channel attacks in cloud computing},
	author={Younis, Younis and Kifayat, Kashif and Merabti, Madjid},
	booktitle={International Conference on Cloud Security Management (ICCSM)},
	pages={138},
	year={2014}
}

@inproceedings{kayaalp2016high,
	title={A high-resolution side-channel attack on last-level cache},
	author={Kayaalp, Mehmet and Abu-Ghazaleh, Nael and Ponomarev, Dmitry and Jaleel, Aamer},
	booktitle={Proceedings of the 53rd Annual Design Automation Conference},
	pages={72},
	year={2016},
	organization={ACM}
}

@article{brasser2017software,
	title={Software grand exposure: SGX cache attacks are practical},
	author={Brasser, Ferdinand and M{\"u}ller, Urs and Dmitrienko, Alexandra and Kostiainen, Kari and Capkun, Srdjan and Sadeghi, Ahmad-Reza},
	journal={arXiv preprint arXiv:1702.07521},
	pages={33},
	year={2017},
	publisher={Technical report}
}

@article{Ge2016ASO,
	title={A survey of microarchitectural timing attacks and countermeasures on contemporary hardware},
	author={Qian Ge and Yuval Yarom and David Cock and Gernot Heiser},
	journal={Journal of Cryptographic Engineering},
	year={2016},
	pages={1-27}
}

@misc{wang2017, title={Opaque: An Oblivious and Encrypted Distributed Analytics Platform}, url={https://medium.com/mit-security-seminar/opaque-an-oblivious-and-encrypted-distributed-analytics-platform-4109a0e70bcf}, journal={Medium}, publisher={MIT Security Seminar}, author={Wang, Frank}, year={2017}, month={May}}

@inproceedings{dejavu,
	title={Detecting privileged side-channel attacks in shielded execution with D{\'e}j{\'a} Vu},
	author={Chen, Sanchuan and Zhang, Xiaokuan and Reiter, Michael K and Zhang, Yinqian},
	booktitle={Proceedings of the 2017 ACM on Asia Conference on Computer and Communications Security},
	pages={7--18},
	year={2017},
	organization={ACM}
}

@article{pigeonhole,
	title={Preventing your faults from telling your secrets: Defenses against pigeonhole attacks},
	author={Shinde, Shweta and Chua, Zheng Leong and Narayanan, Viswesh and Saxena, Prateek},
	journal={arXiv preprint arXiv:1506.04832},
	year={2015}
}

@inproceedings{sgxshield,
	title={SGX-Shield: Enabling address space layout randomization for SGX programs},
	author={Seo, Jaebaek and Lee, Byounyoung and Kim, Seongmin and Shih, Ming-Wei and Shin, Insik and Han, Dongsu and Kim, Taesoo},
	booktitle={Proceedings of the 2017 Annual Network and Distributed System Security Symposium (NDSS), San Diego, CA},
	year={2017}
}

@inproceedings{zerotrace,
	title={ZeroTrace: Oblivious memory primitives from Intel SGX},
	author={Sasy, Sajin and Gorbunov, Sergey and Fletcher, Christopher},
	booktitle={Symposium on Network and Distributed System Security (NDSS)},
	year={2017}
}

@article{drsgx,
	title={DR. SGX: Hardening SGX Enclaves against Cache Attacks with Data Location Randomization},
	author={Brasser, Ferdinand and Capkun, Srdjan and Dmitrienko, Alexandra and Frassetto, Tommaso and Kostiainen, Kari and M{\"u}ller, Urs and Sadeghi, Ahmad-Reza},
	journal={arXiv preprint arXiv:1709.09917},
	year={2017}
}

@inproceedings{oram1,
	title={Towards a theory of software protection and simulation by oblivious RAMs},
	author={Goldreich, Oded},
	booktitle={Proceedings of the nineteenth annual ACM symposium on Theory of computing},
	pages={182--194},
	year={1987},
	organization={ACM}
}

@inproceedings{oram2,
	title={Efficient computation on oblivious RAMs},
	author={Ostrovsky, Rafail},
	booktitle={Proceedings of the twenty-second annual ACM symposium on Theory of computing},
	pages={514--523},
	year={1990},
	organization={ACM}
}

@article{oram3,
	title={Software protection and simulation on oblivious RAMs},
	author={Goldreich, Oded and Ostrovsky, Rafail},
	journal={Journal of the ACM (JACM)},
	volume={43},
	number={3},
	pages={431--473},
	year={1996},
	publisher={ACM}
}

@article{sgxstep,
	title={SGX-Step: A practical attack framework for precise enclave execution control},
	author={Van Bulck, Jo and Piessens, Frank and Strackx, Raoul},
	year={2017},
	publisher={Association for Computing Machinery}
}

@inproceedings{melbourne,
	title={The Melbourne shuffle: Improving oblivious storage in the cloud},
	author={Ohrimenko, Olga and Goodrich, Michael T and Tamassia, Roberto and Upfal, Eli},
	booktitle={International Colloquium on Automata, Languages, and Programming},
	pages={556--567},
	year={2014},
	organization={Springer}
}

@inproceedings{mge,
	title={Malware guard extension: Using SGX to conceal cache attacks},
	author={Schwarz, Michael and Weiser, Samuel and Gruss, Daniel and Maurice, Cl{\'e}mentine and Mangard, Stefan},
	booktitle={International Conference on Detection of Intrusions and Malware, and Vulnerability Assessment},
	pages={3--24},
	year={2017},
	organization={Springer}
}

@misc{wptpm, title={Trusted Platform Module}, url={https://en.wikipedia.org/wiki/Trusted_Platform_Module}, journal={Wikipedia}, publisher={Wikimedia Foundation}, year={2018}, month={Apr}}

@misc{sptpm, title={What are the functional similarity and difference between TPM and SGX in trust computing?}, url={https://security.stackexchange.com/questions/175749/what-are-the-functional-similarity-and-difference-between-tpm-and-sgx-in-trust-c}, journal={Information Security Stack Exchange}} 

@misc{txt, title={Intel SGX vs TXT}, url={https://intelsgx.blogspot.com/2016/05/intel-sgx-vs-txt.html}, journal={Intel SGX notes}} 